@article{devlin2018bert,
  title={Bert: Pre-training of deep bidirectional transformers for language understanding},
  author={Devlin, Jacob and Chang, Ming-Wei and Lee, Kenton and Toutanova, Kristina},
  journal={arXiv preprint arXiv:1810.04805},
  year={2018}
}

@article{rajpurkar2016squad,
	title={Squad: 100,000+ questions for machine comprehension of text},
	author={Rajpurkar, Pranav and Zhang, Jian and Lopyrev, Konstantin and Liang, Percy},
	journal={arXiv preprint arXiv:1606.05250},
	year={2016}
}

@article{rajpurkar2018know,
	title={Know what you don't know: Unanswerable questions for SQuAD},
	author={Rajpurkar, Pranav and Jia, Robin and Liang, Percy},
	journal={arXiv preprint arXiv:1806.03822},
	year={2018}
}

<<<<<<< Updated upstream
<<<<<<< Updated upstream
<<<<<<< Updated upstream
@article{machinery1950computing,
  title={Computing machinery and intelligence-AM Turing},
  author={Machinery, Computing},
  journal={Mind},
  volume={59},
  number={236},
  pages={433},
  year={1950}
}

@inproceedings{mikolov2013linguistic,
  title={Linguistic regularities in continuous space word representations},
  author={Mikolov, Tom{\'a}{\v{s}} and Yih, Wen-tau and Zweig, Geoffrey},
  booktitle={Proceedings of the 2013 conference of the north american chapter of the association for computational linguistics: Human language technologies},
  pages={746--751},
  year={2013}
}

@book{parry1987making,
  title={The making of Homeric verse: The collected papers of Milman Parry},
  author={Parry, Milman and Parry, Adam},
  year={1987},
  publisher={Oxford University Press on Demand}
}

@article{mikolov2013efficient,
  title={Efficient estimation of word representations in vector space},
  author={Mikolov, Tomas and Chen, Kai and Corrado, Greg and Dean, Jeffrey},
  journal={arXiv preprint arXiv:1301.3781},
  year={2013}
}

@article{mikolov2013distributed,
  title={Distributed representations of words and phrases and their compositionality},
  author={Mikolov, Tomas and Sutskever, Ilya and Chen, Kai and Corrado, Greg and Dean, Jeffrey},
  journal={arXiv preprint arXiv:1310.4546},
  year={2013}
}

@article{hutchins2005first,
  title={The first public demonstration of machine translation: the Georgetown-IBM system, 7th January 1954},
  author={Hutchins, John},
  journal={noviembre de},
  year={2005}
}

@book{national1966language,
  title={Language and Machines: Computers in Translation and Linguistics; a Report},
  author={National Research Council (US). Automatic Language Processing Advisory Committee and ALPAC (Organization)},
  volume={1416},
  year={1966},
  publisher={National Academies}
}

@article{fang1966isn,
  title={It isn't ETAOIN SHRDLU; it's ETAONI RSHDLC},
  author={Fang, Irving E},
  journal={Journalism and Mass Communication Quarterly},
  volume={43},
  number={4},
  pages={761},
  year={1966},
  publisher={Association for Education in Journalism, etc.}
}

@article{weizenbaum1966eliza,
  title={ELIZA—a computer program for the study of natural language communication between man and machine},
  author={Weizenbaum, Joseph},
  journal={Communications of the ACM},
  volume={9},
  number={1},
  pages={36--45},
  year={1966},
  publisher={ACM New York, NY, USA}
}

@inproceedings{schank1975scripts,
  title={Scripts, plans, and knowledge},
  author={Schank, Roger C and Abelson, Robert P},
  booktitle={IJCAI},
  volume={75},
  pages={151--157},
  year={1975}
}

@techreport{cullingford1978script,
  title={Script application: computer understanding of newspaper stories.},
  author={Cullingford, Richard Edward},
  year={1978},
  institution={YALE UNIV NEW HAVEN CONN DEPT OF COMPUTER SCIENCE}
}

@techreport{wilensky1978understanding,
  title={Understanding goal-based stories.},
  author={Wilensky, Robert},
  year={1978},
  institution={YALE UNIV NEW HAVEN CONN DEPT OF COMPUTER SCIENCE}
}

@techreport{meehan1976metanovel,
  title={The Metanovel: Writing Stories by Computer.},
  author={Meehan, James Richard},
  year={1976},
  institution={YALE UNIV NEW HAVEN CONN DEPT OF COMPUTER SCIENCE}
}

@article{coenen2019visualizing,
  title={Visualizing and measuring the geometry of bert},
  author={Coenen, Andy and Reif, Emily and Yuan, Ann and Kim, Been and Pearce, Adam and Vi{\'e}gas, Fernanda and Wattenberg, Martin},
  journal={arXiv preprint arXiv:1906.02715},
  year={2019}
}

@article{joulin2016fasttext,
  title={Fasttext. zip: Compressing text classification models},
  author={Joulin, Armand and Grave, Edouard and Bojanowski, Piotr and Douze, Matthijs and J{\'e}gou, H{\'e}rve and Mikolov, Tomas},
  journal={arXiv preprint arXiv:1612.03651},
  year={2016}
}

@article{bojanowski2017enriching,
  title={Enriching word vectors with subword information},
  author={Bojanowski, Piotr and Grave, Edouard and Joulin, Armand and Mikolov, Tomas},
  journal={Transactions of the Association for Computational Linguistics},
  volume={5},
  pages={135--146},
  year={2017},
  publisher={MIT Press}
}

@article{joulin2016bag,
  title={Bag of tricks for efficient text classification},
  author={Joulin, Armand and Grave, Edouard and Bojanowski, Piotr and Mikolov, Tomas},
  journal={arXiv preprint arXiv:1607.01759},
  year={2016}
}

@article{dai2015semi,
  title={Semi-supervised sequence learning},
  author={Dai, Andrew M and Le, Quoc V},
  journal={arXiv preprint arXiv:1511.01432},
  year={2015}
}

@article{peters2018deep,
  title={Deep contextualized word representations},
  author={Peters, Matthew E and Neumann, Mark and Iyyer, Mohit and Gardner, Matt and Clark, Christopher and Lee, Kenton and Zettlemoyer, Luke},
  journal={arXiv preprint arXiv:1802.05365},
  year={2018}
}

@article{howard2018universal,
  title={Universal language model fine-tuning for text classification},
  author={Howard, Jeremy and Ruder, Sebastian},
  journal={arXiv preprint arXiv:1801.06146},
  year={2018}
}

@article{radford2018improving,
  title={Improving language understanding by generative pre-training},
  author={Radford, Alec and Narasimhan, Karthik and Salimans, Tim and Sutskever, Ilya},
  year={2018}
}

@article{vaswani2017attention,
  title={Attention is all you need},
  author={Vaswani, Ashish and Shazeer, Noam and Parmar, Niki and Uszkoreit, Jakob and Jones, Llion and Gomez, Aidan N and Kaiser, Lukasz and Polosukhin, Illia},
  journal={arXiv preprint arXiv:1706.03762},
  year={2017}
}

@inproceedings{levy2014linguistic,
  title={Linguistic regularities in sparse and explicit word representations},
  author={Levy, Omer and Goldberg, Yoav},
  booktitle={Proceedings of the eighteenth conference on computational natural language learning},
  pages={171--180},
  year={2014}
}

@inproceedings{koper2015multilingual,
  title={Multilingual reliability and “semantic” structure of continuous word spaces},
  author={K{\"o}per, Maximilian and Scheible, Christian and im Walde, Sabine Schulte},
  booktitle={Proceedings of the 11th international conference on computational semantics},
  pages={40--45},
  year={2015}
}

@article{vylomova2015take,
  title={Take and took, gaggle and goose, book and read: Evaluating the utility of vector differences for lexical relation learning},
  author={Vylomova, Ekaterina and Rimell, Laura and Cohn, Trevor and Baldwin, Timothy},
  journal={arXiv preprint arXiv:1509.01692},
  year={2015}
}

@inproceedings{rogers2017too,
  title={The (too many) problems of analogical reasoning with word vectors},
  author={Rogers, Anna and Drozd, Aleksandr and Li, Bofang},
  booktitle={Proceedings of the 6th Joint Conference on Lexical and Computational Semantics (* SEM 2017)},
  pages={135--148},
  year={2017}
}

@article{newman2017insights,
  title={Insights into analogy completion from the biomedical domain},
  author={Newman-Griffis, Denis and Lai, Albert M and Fosler-Lussier, Eric},
  journal={arXiv preprint arXiv:1706.02241},
  year={2017}
}

@inproceedings{gladkova2016analogy,
  title={Analogy-based detection of morphological and semantic relations with word embeddings: what works and what doesn’t.},
  author={Gladkova, Anna and Drozd, Aleksandr and Matsuoka, Satoshi},
  booktitle={Proceedings of the NAACL Student Research Workshop},
  pages={8--15},
  year={2016}
}

@inproceedings{drozd2016word,
  title={Word embeddings, analogies, and machine learning: Beyond king-man+ woman= queen},
  author={Drozd, Aleksandr and Gladkova, Anna and Matsuoka, Satoshi},
  booktitle={Proceedings of coling 2016, the 26th international conference on computational linguistics: Technical papers},
  pages={3519--3530},
  year={2016}
}

@inproceedings{schluter2018word,
  title={The word analogy testing caveat},
  author={Schluter, Natalie},
  booktitle={Proceedings of the 2018 Conference of the North American Chapter of the Association for Computational Linguistics: Human Language Technologies, Volume 2 (Short Papers)},
  pages={242--246},
  year={2018}
=======
=======
>>>>>>> Stashed changes
=======
>>>>>>> Stashed changes
@misc{turing1948intelligent,
	title={Intelligent machinery},
	author={Turing, Alan Mathison},
	year={1948},
	publisher={NPL. Mathematics Division}
<<<<<<< Updated upstream
<<<<<<< Updated upstream
>>>>>>> Stashed changes
=======
>>>>>>> Stashed changes
=======
>>>>>>> Stashed changes
}

@misc{turing1948intelligent,
	title={Intelligent machinery},
	author={Turing, Alan Mathison},
	year={1948},
	publisher={NPL. Mathematics Division}
}